@article{key,
  author  = {},
  journal = {},
  number  = {},
  title   = {},
  volume  = {},
  year    = {}
}
@Comment{jabref-meta: databaseType:biblatex;}
